[gd_scene load_steps=6 format=3 uid="uid://qy7mxmqrcgwc"]

[ext_resource type="Script" path="res://Scripts/shield.gd" id="1_rwle8"]
[ext_resource type="Texture2D" uid="uid://bbxst8sreftl3" path="res://Images/Juego Naves/Nave/Nave Escudo.png" id="1_xk7pu"]

[sub_resource type="Animation" id="Animation_owngp"]
length = 0.001
tracks/0/type = "value"
tracks/0/imported = false
tracks/0/enabled = true
tracks/0/path = NodePath(".:frame_coords")
tracks/0/interp = 1
tracks/0/loop_wrap = true
tracks/0/keys = {
"times": PackedFloat32Array(0),
"transitions": PackedFloat32Array(1),
"update": 1,
"values": [Vector2i(0, 0)]
}

[sub_resource type="Animation" id="Animation_bdxsm"]
resource_name = "Shield"
length = 0.6
loop_mode = 1
tracks/0/type = "value"
tracks/0/imported = false
tracks/0/enabled = true
tracks/0/path = NodePath(".:frame_coords")
tracks/0/interp = 1
tracks/0/loop_wrap = true
tracks/0/keys = {
"times": PackedFloat32Array(0, 0.1, 0.2, 0.3, 0.4, 0.5),
"transitions": PackedFloat32Array(1, 1, 1, 1, 1, 1),
"update": 1,
"values": [Vector2i(0, 0), Vector2i(1, 0), Vector2i(2, 0), Vector2i(3, 0), Vector2i(4, 0), Vector2i(5, 0)]
}

[sub_resource type="AnimationLibrary" id="AnimationLibrary_smltn"]
_data = {
"RESET": SubResource("Animation_owngp"),
"Shield": SubResource("Animation_bdxsm")
}

[node name="Shield" type="Node2D"]
position = Vector2(21, 2)
scale = Vector2(3, 3)
script = ExtResource("1_rwle8")
groups = Array[String](["Enemy", "EnemyBullet"])

[node name="Area2D" type="Area2D" parent="." groups=["Shield"]]

[node name="CollisionPolygon2D" type="CollisionPolygon2D" parent="Area2D"]
build_mode = 1
polygon = PackedVector2Array(-13, -25, 1, -25, 12, -19, 19, -8, 19, 7, 13, 18, 2, 25, -13, 25)

[node name="CollisionPolygon2D2" type="CollisionPolygon2D" parent="Area2D"]
position = Vector2(-14, -1.1724e-13)
rotation = 3.14159
build_mode = 1
polygon = PackedVector2Array(-13, -25, 1, -25, 12, -19, 19, -8, 19, 7, 13, 18, 2, 25, -13, 25)

[node name="Sprite2DL" type="Sprite2D" parent="."]
self_modulate = Color(0.941176, 0.796078, 1, 1)
texture_filter = 1
position = Vector2(-14, 1.55431e-14)
rotation = -1.5708
texture = ExtResource("1_xk7pu")
hframes = 6

[node name="AnimationPlayer" type="AnimationPlayer" parent="Sprite2DL"]
libraries = {
"": SubResource("AnimationLibrary_smltn")
}

[node name="Sprite2DR" type="Sprite2D" parent="."]
self_modulate = Color(0.941176, 0.796078, 1, 1)
texture_filter = 1
rotation = 1.5708
texture = ExtResource("1_xk7pu")
hframes = 6

[node name="AnimationPlayer" type="AnimationPlayer" parent="Sprite2DR"]
libraries = {
"": SubResource("AnimationLibrary_smltn")
}
