[gd_scene load_steps=11 format=3 uid="uid://dw6wl3f56wcia"]

[ext_resource type="Texture2D" uid="uid://cpfwur0pcfthv" path="res://Images/Juego Naves/Boss/Nave Jefe Explosion.png" id="1_7hrm8"]
[ext_resource type="Script" path="res://Scripts/nave_enemiga.gd" id="1_7ybdj"]
[ext_resource type="PackedScene" uid="uid://dqjkfkvqwniwn" path="res://Components/component_health.tscn" id="2_wr0p5"]
[ext_resource type="PackedScene" uid="uid://buhfkejcr37fu" path="res://Components/component_move.tscn" id="3_5umuv"]
[ext_resource type="PackedScene" uid="uid://d0js8kkx4xly0" path="res://Components/component_shoot.tscn" id="4_keedp"]
[ext_resource type="PackedScene" uid="uid://cv3e4tinaogjv" path="res://Scenes/enemy_wave.tscn" id="6_742a4"]
[ext_resource type="AudioStream" uid="uid://m4pcxrppsr5h" path="res://Audio/SFX/Explosion.mp3" id="7_2pky1"]

[sub_resource type="Animation" id="Animation_g3re5"]
resource_name = "Death"
length = 1.2
tracks/0/type = "value"
tracks/0/imported = false
tracks/0/enabled = true
tracks/0/path = NodePath("Death Spritesheet:frame_coords")
tracks/0/interp = 1
tracks/0/loop_wrap = true
tracks/0/keys = {
"times": PackedFloat32Array(0, 0.1, 0.2, 0.3, 0.4, 0.5, 0.6, 0.7, 0.8, 0.9, 1),
"transitions": PackedFloat32Array(1, 1, 1, 1, 1, 1, 1, 1, 1, 1, 1),
"update": 1,
"values": [Vector2i(0, 0), Vector2i(1, 0), Vector2i(2, 0), Vector2i(3, 0), Vector2i(4, 0), Vector2i(5, 0), Vector2i(6, 0), Vector2i(7, 0), Vector2i(8, 0), Vector2i(9, 0), Vector2i(13, 0)]
}
tracks/1/type = "value"
tracks/1/imported = false
tracks/1/enabled = true
tracks/1/path = NodePath("../Area2D:monitoring")
tracks/1/interp = 1
tracks/1/loop_wrap = true
tracks/1/keys = {
"times": PackedFloat32Array(0),
"transitions": PackedFloat32Array(1),
"update": 1,
"values": [false]
}
tracks/2/type = "value"
tracks/2/imported = false
tracks/2/enabled = true
tracks/2/path = NodePath("../Area2D:monitorable")
tracks/2/interp = 1
tracks/2/loop_wrap = true
tracks/2/keys = {
"times": PackedFloat32Array(0),
"transitions": PackedFloat32Array(1),
"update": 1,
"values": [false]
}

[sub_resource type="Animation" id="Animation_gbras"]
length = 0.001
tracks/0/type = "value"
tracks/0/imported = false
tracks/0/enabled = true
tracks/0/path = NodePath("Death Spritesheet:frame_coords")
tracks/0/interp = 1
tracks/0/loop_wrap = true
tracks/0/keys = {
"times": PackedFloat32Array(0),
"transitions": PackedFloat32Array(1),
"update": 1,
"values": [Vector2i(0, 0)]
}
tracks/1/type = "value"
tracks/1/imported = false
tracks/1/enabled = true
tracks/1/path = NodePath("../Area2D:monitoring")
tracks/1/interp = 1
tracks/1/loop_wrap = true
tracks/1/keys = {
"times": PackedFloat32Array(0),
"transitions": PackedFloat32Array(1),
"update": 1,
"values": [true]
}
tracks/2/type = "value"
tracks/2/imported = false
tracks/2/enabled = true
tracks/2/path = NodePath("../Area2D:monitorable")
tracks/2/interp = 1
tracks/2/loop_wrap = true
tracks/2/keys = {
"times": PackedFloat32Array(0),
"transitions": PackedFloat32Array(1),
"update": 1,
"values": [true]
}

[sub_resource type="AnimationLibrary" id="AnimationLibrary_rburl"]
_data = {
"Death": SubResource("Animation_g3re5"),
"RESET": SubResource("Animation_gbras")
}

[node name="Ship Boss" type="Node2D"]
scale = Vector2(2.75, 2.75)
script = ExtResource("1_7ybdj")

[node name="RigidBody2D" type="RigidBody2D" parent="."]
collision_layer = 0
collision_mask = 0

[node name="CollisionPolygon2D" type="CollisionPolygon2D" parent="RigidBody2D"]
polygon = PackedVector2Array(-50, 8, -50, -8, -38, -22, -22, -22, -17, -15, 4, -16, 5, -25, -12, -25, -7, -34, 30, -37, 35, -24, 17, -24, 17, -16, 36, -16, 36, 16, 17, 16, 18, 24, 35, 24, 29, 37, -8, 34, -12, 25, 5, 25, 4, 15, -17, 15, -22, 22, -38, 22)

[node name="Area2D" type="Area2D" parent="." groups=["Enemy"]]

[node name="CollisionPolygon2D" type="CollisionPolygon2D" parent="Area2D"]
polygon = PackedVector2Array(-50, 8, -50, -8, -38, -22, -22, -22, -17, -15, 4, -16, 5, -25, -12, -25, -7, -34, 30, -37, 35, -24, 17, -24, 17, -16, 36, -16, 36, 16, 17, 16, 18, 24, 35, 24, 29, 37, -8, 34, -12, 25, 5, 25, 4, 15, -17, 15, -22, 22, -38, 22)

[node name="Sprite2D" type="Sprite2D" parent="."]
self_modulate = Color(0.941176, 0.737255, 1, 1)

[node name="AnimationPlayer" type="AnimationPlayer" parent="Sprite2D"]
libraries = {
"": SubResource("AnimationLibrary_rburl")
}

[node name="Death Spritesheet" type="Sprite2D" parent="Sprite2D"]
self_modulate = Color(0.941176, 0.737255, 1, 1)
texture_filter = 1
rotation = 4.71239
texture = ExtResource("1_7hrm8")
hframes = 14

[node name="MarkerShoot" type="Marker2D" parent="."]
position = Vector2(-152.364, 0)

[node name="Component Health" parent="." instance=ExtResource("2_wr0p5")]
health = 15

[node name="Component Move" parent="." instance=ExtResource("3_5umuv")]

[node name="Component Shoot" parent="." instance=ExtResource("4_keedp")]
timer_shoot = 2.5
bullet_speed = 500.0
bullet_scene = ExtResource("6_742a4")

[node name="APShoot" type="AudioStreamPlayer2D" parent="."]

[node name="APDeath" type="AudioStreamPlayer" parent="."]
stream = ExtResource("7_2pky1")
volume_db = 12.0
pitch_scale = 0.75
